
    <marc:record>
        <marc:leader>01525nam a2200409 i 4500</marc:leader>
        <marc:controlfield tag="001">020369898</marc:controlfield>
        <marc:controlfield tag="003">UkOxU</marc:controlfield>
        <marc:controlfield tag="005">20160210100426.0</marc:controlfield>
        <marc:controlfield tag="008">150720s2015    stka     b    001 0 eng c</marc:controlfield>
        <marc:datafield tag="041" ind1=" " ind2=" " created="yes">
            <marc:subfield code="a">eng</marc:subfield>
        </marc:datafield>
        <marc:datafield tag="015" ind1=" " ind2=" ">
            <marc:subfield code="a">GBB573511</marc:subfield>
            <marc:subfield code="2">bnb</marc:subfield>
        </marc:datafield>
        <marc:datafield tag="020" ind1=" " ind2=" ">
            <marc:subfield code="a">9780748693603</marc:subfield>
            <marc:subfield code="q">hardback</marc:subfield>
            <marc:subfield code="c">£75.00</marc:subfield>
        </marc:datafield>
        <marc:datafield tag="020" ind1=" " ind2=" ">
            <marc:subfield code="z">9780748693610</marc:subfield>
            <marc:subfield code="q">webready PDF</marc:subfield>
        </marc:datafield>
        <marc:datafield tag="020" ind1=" " ind2=" ">
            <marc:subfield code="z">9781474403405</marc:subfield>
            <marc:subfield code="q">ePub</marc:subfield>
        </marc:datafield>
        <marc:datafield tag="035" ind1=" " ind2=" ">
            <marc:subfield code="a">(StEdNL)5861170</marc:subfield>
        </marc:datafield>
        <marc:datafield tag="035" ind1=" " ind2=" ">
            <marc:subfield code="a">(Uk)017389719</marc:subfield>
        </marc:datafield>
        <marc:datafield tag="040" ind1=" " ind2=" ">
            <marc:subfield code="a">StDuBDS</marc:subfield>
            <marc:subfield code="b">eng</marc:subfield>
            <marc:subfield code="e">rda</marc:subfield>
            <marc:subfield code="c">StDuBDS</marc:subfield>
            <marc:subfield code="d">StEdNL</marc:subfield>
            <marc:subfield code="d">UkOxU</marc:subfield>
        </marc:datafield>
        <marc:datafield tag="042" ind1=" " ind2=" ">
            <marc:subfield code="a">ukscp</marc:subfield>
        </marc:datafield>
        <marc:datafield tag="043" ind1=" " ind2=" ">
            <marc:subfield code="a">n-us---</marc:subfield>
        </marc:datafield>
        <marc:datafield tag="082" ind1="0" ind2="4">
            <marc:subfield code="a">791.430973</marc:subfield>
            <marc:subfield code="2">23</marc:subfield>
        </marc:datafield>
        <marc:datafield tag="100" ind1="1" ind2=" ">
            <marc:subfield code="a">Backman Rogers, Anna,</marc:subfield>
            <marc:subfield code="4">aut</marc:subfield>
            <marc:subfield code="4">http://rdaregistry.info/Elements/w/object/P10061</marc:subfield>
            <marc:subfield code="1">http://viaf.org/viaf/316509371</marc:subfield>
        </marc:datafield>
        <marc:datafield tag="240" ind1="" ind2="">
            <marc:subfield code="a">American independent cinema : rites of passage and the crisis image</marc:subfield>
            <marc:subfield code="1">http://viaf.org/viaf/316509371/ramericanindependentcinema</marc:subfield>
        </marc:datafield>
        <marc:datafield tag="245" ind1="1" ind2="0">
            <marc:subfield code="a">American independent cinema :</marc:subfield>
            <marc:subfield code="b">rites of passage and the crisis image /</marc:subfield>
            <marc:subfield code="c">Anna Backman Rogers.</marc:subfield>
        </marc:datafield>
        <marc:datafield tag="264" ind1=" " ind2="1">
            <marc:subfield code="a">Edinburgh :</marc:subfield>
            <marc:subfield code="b">Edinburgh University Press,</marc:subfield>
            <marc:subfield code="c">[2015].</marc:subfield>
        </marc:datafield>
        <marc:datafield tag="264" ind1=" " ind2="4">
            <marc:subfield code="c">©2015</marc:subfield>
        </marc:datafield>
        <marc:datafield tag="300" ind1=" " ind2=" ">
            <marc:subfield code="a">170 pages :</marc:subfield>
            <marc:subfield code="b">illustrations (black and white) ;</marc:subfield>
            <marc:subfield code="c">24 cm</marc:subfield>
        </marc:datafield>
        <marc:datafield tag="336" ind1=" " ind2=" ">
            <marc:subfield code="a">text</marc:subfield>
            <marc:subfield code="2">rdacontent</marc:subfield>
        </marc:datafield>
        <marc:datafield tag="337" ind1=" " ind2=" ">
            <marc:subfield code="a">unmediated</marc:subfield>
            <marc:subfield code="2">rdamedia</marc:subfield>
        </marc:datafield>
        <marc:datafield tag="338" ind1=" " ind2=" ">
            <marc:subfield code="a">volume</marc:subfield>
            <marc:subfield code="2">rdacarrier</marc:subfield>
        </marc:datafield>
        <marc:datafield tag="380" ind1=" " ind2=" ">
            <marc:subfield code="a">non-fiction</marc:subfield>
        </marc:datafield>
        <marc:datafield tag="490" ind1="1" ind2=" ">
            <marc:subfield code="a">Edinburgh studies in film and intermediality</marc:subfield>
        </marc:datafield>
        <marc:datafield tag="504" ind1=" " ind2=" ">
            <marc:subfield code="a">Includes bibliographical references and index.</marc:subfield>
        </marc:datafield>
        <marc:datafield tag="600" ind1="1" ind2="0">
            <marc:subfield code="a">Van Sant, Gus</marc:subfield>
            <marc:subfield code="x">Criticism and interpretation.</marc:subfield>
        </marc:datafield>
        <marc:datafield tag="600" ind1="1" ind2="0">
            <marc:subfield code="a">Jarmusch, Jim,</marc:subfield>
            <marc:subfield code="d">1953-</marc:subfield>
            <marc:subfield code="x">Criticism and interpretation.</marc:subfield>
        </marc:datafield>
        <marc:datafield tag="600" ind1="1" ind2="0">
            <marc:subfield code="a">Coppola, Sofia,</marc:subfield>
            <marc:subfield code="d">1971-</marc:subfield>
            <marc:subfield code="x">Criticism and interpretation.</marc:subfield>
        </marc:datafield>
        <marc:datafield tag="830" ind1=" " ind2="0">
            <marc:subfield code="a">Edinburgh studies in film and intermediality.</marc:subfield>
        </marc:datafield>
    </marc:record>