
    <marc:record>
        <marc:leader>01969nam a2200433 i 4500</marc:leader>
        <marc:controlfield tag="001">020516286</marc:controlfield>
        <marc:controlfield tag="003">UkOxU</marc:controlfield>
        <marc:controlfield tag="005">20171006235917.0</marc:controlfield>
        <marc:controlfield tag="006">m    ||  d |      </marc:controlfield>
        <marc:controlfield tag="007">cr |||||||||||</marc:controlfield>
        <marc:controlfield tag="008">160201s2015    stka   fob    0|1 0|eng  </marc:controlfield>
        <marc:datafield tag="041" ind1=" " ind2=" " created="yes">
            <marc:subfield code="a">eng</marc:subfield>
        </marc:datafield>
        <marc:datafield tag="015" ind1=" " ind2=" ">
            <marc:subfield code="a">GBB695024</marc:subfield>
            <marc:subfield code="2">bnb</marc:subfield>
        </marc:datafield>
        <marc:datafield tag="020" ind1=" " ind2=" ">
            <marc:subfield code="a">9780748693610</marc:subfield>
            <marc:subfield code="q">(Electronic book (PDF format))</marc:subfield>
        </marc:datafield>
        <marc:datafield tag="020" ind1=" " ind2=" ">
            <marc:subfield code="z">9781474403405</marc:subfield>
            <marc:subfield code="q">(epub)</marc:subfield>
        </marc:datafield>
        <marc:datafield tag="020" ind1=" " ind2=" ">
            <marc:subfield code="z">9780748693603</marc:subfield>
            <marc:subfield code="q">(hardback)</marc:subfield>
        </marc:datafield>
        <marc:datafield tag="035" ind1=" " ind2=" ">
            <marc:subfield code="a">(Uk)017734905</marc:subfield>
        </marc:datafield>
        <marc:datafield tag="037" ind1=" " ind2=" ">
            <marc:subfield code="a">9780748693610</marc:subfield>
            <marc:subfield code="b">CodeMantra</marc:subfield>
        </marc:datafield>
        <marc:datafield tag="040" ind1=" " ind2=" ">
            <marc:subfield code="a">Uk</marc:subfield>
            <marc:subfield code="b">eng</marc:subfield>
            <marc:subfield code="e">rda</marc:subfield>
            <marc:subfield code="c">Uk</marc:subfield>
        </marc:datafield>
        <marc:datafield tag="042" ind1=" " ind2=" ">
            <marc:subfield code="a">ukblsr</marc:subfield>
        </marc:datafield>
        <marc:datafield tag="082" ind1="0" ind2="4">
            <marc:subfield code="a">791.430973</marc:subfield>
            <marc:subfield code="2">23</marc:subfield>
        </marc:datafield>
        <marc:datafield tag="100" ind1="1" ind2=" ">
            <marc:subfield code="a">Backman Rogers, Anna,</marc:subfield>
            <marc:subfield code="4">aut</marc:subfield>
            <marc:subfield code="4">http://rdaregistry.info/Elements/w/object/P10061</marc:subfield>
            <marc:subfield code="1">http://viaf.org/viaf/316509371</marc:subfield>
        </marc:datafield>
        <marc:datafield tag="240" ind1="" ind2="">
            <marc:subfield code="a">American independent cinema : rites of passage and the crisis image</marc:subfield>
            <marc:subfield code="1">http://viaf.org/viaf/316509371/ramericanindependentcinema</marc:subfield>
        </marc:datafield>
        <marc:datafield tag="245" ind1="1" ind2="0">
            <marc:subfield code="a">American independent cinema :</marc:subfield>
            <marc:subfield code="b">rites of passage and the crisis image /</marc:subfield>
            <marc:subfield code="c">Anna Backman Rogers.</marc:subfield>
        </marc:datafield>
        <marc:datafield tag="264" ind1=" " ind2="1">
            <marc:subfield code="a">Edinburgh :</marc:subfield>
            <marc:subfield code="b">Edinburgh University Press,</marc:subfield>
            <marc:subfield code="c">[2015].</marc:subfield>
        </marc:datafield>
        <marc:datafield tag="300" ind1=" " ind2=" ">
            <marc:subfield code="a">1 online resource (170 pages) :</marc:subfield>
            <marc:subfield code="b">illustrations (black and white).</marc:subfield>
        </marc:datafield>
        <marc:datafield tag="336" ind1=" " ind2=" ">
            <marc:subfield code="a">text</marc:subfield>
            <marc:subfield code="2">rdacontent</marc:subfield>
        </marc:datafield>
        <marc:datafield tag="337" ind1=" " ind2=" ">
            <marc:subfield code="a">computer</marc:subfield>
            <marc:subfield code="2">rdamedia</marc:subfield>
        </marc:datafield>
        <marc:datafield tag="338" ind1=" " ind2=" ">
            <marc:subfield code="a">online resource</marc:subfield>
            <marc:subfield code="2">rdacarrier</marc:subfield>
        </marc:datafield>
        <marc:datafield tag="380" ind1=" " ind2=" ">
            <marc:subfield code="a">non-fiction</marc:subfield>
        </marc:datafield>
        <marc:datafield tag="490" ind1="0" ind2=" ">
            <marc:subfield code="a">Edinburgh studies in film and intermediality</marc:subfield>
        </marc:datafield>
        <marc:datafield tag="504" ind1=" " ind2=" ">
            <marc:subfield code="a">Includes bibliographical references and index.</marc:subfield>
        </marc:datafield>
        <marc:datafield tag="506" ind1="1" ind2=" ">
            <marc:subfield code="a">Legal Deposit;</marc:subfield>
            <marc:subfield code="c">Only available on premises controlled by the deposit library and to one user at any one time;</marc:subfield>
            <marc:subfield code="e">The Legal Deposit Libraries (Non-Print Works) Regulations (UK).</marc:subfield>
            <marc:subfield code="5">UkOxU</marc:subfield>
        </marc:datafield>
        <marc:datafield tag="530" ind1=" " ind2=" ">
            <marc:subfield code="a">Also issued in print format.</marc:subfield>
        </marc:datafield>
        <marc:datafield tag="540" ind1=" " ind2=" ">
            <marc:subfield code="a">Restricted: Printing from this resource is governed by The Legal Deposit Libraries (Non-Print Works) Regulations (UK) and UK copyright law currently in force.</marc:subfield>
            <marc:subfield code="5">UkOxU</marc:subfield>
        </marc:datafield>
        <marc:datafield tag="500" ind1=" " ind2=" ">
            <marc:subfield code="a">Academic</marc:subfield>
        </marc:datafield>
        <marc:datafield tag="600" ind1="1" ind2="0">
            <marc:subfield code="a">Van Sant, Gus</marc:subfield>
            <marc:subfield code="x">Criticism and interpretation.</marc:subfield>
        </marc:datafield>
        <marc:datafield tag="600" ind1="1" ind2="0">
            <marc:subfield code="a">Jarmusch, Jim,</marc:subfield>
            <marc:subfield code="d">1953-</marc:subfield>
            <marc:subfield code="x">Criticism and interpretation.</marc:subfield>
        </marc:datafield>
        <marc:datafield tag="600" ind1="1" ind2="0">
            <marc:subfield code="a">Coppola, Sofia,</marc:subfield>
            <marc:subfield code="d">1971-</marc:subfield>
            <marc:subfield code="x">Criticism and interpretation.</marc:subfield>
        </marc:datafield>
        <marc:datafield tag="876" ind1=" " ind2=" ">
            <marc:subfield code="0">ark:/81055/vdc_100028337618.0x000001</marc:subfield>
            <marc:subfield code="a">ark:/81055/vdc_100028336644.0x000001</marc:subfield>
        </marc:datafield>
    </marc:record>