
    <marc:record>
        <marc:leader>02582nam a2200433 i 4500</marc:leader>
        <marc:controlfield tag="001">021212123</marc:controlfield>
        <marc:controlfield tag="003">UkOxU</marc:controlfield>
        <marc:controlfield tag="005">20180612155728.0</marc:controlfield>
        <marc:controlfield tag="006">m|||||o||d||||||||</marc:controlfield>
        <marc:controlfield tag="007">cr cnu---unuuu</marc:controlfield>
        <marc:controlfield tag="008">180404r20182015stka   fob    001|0|eng|d</marc:controlfield>
        <marc:datafield tag="041" ind1=" " ind2=" " created="yes">
            <marc:subfield code="a">eng</marc:subfield>
        </marc:datafield>
        <marc:datafield tag="020" ind1=" " ind2=" ">
            <marc:subfield code="a">9781474412216 (ebook) :</marc:subfield>
            <marc:subfield code="c">No price</marc:subfield>
        </marc:datafield>
        <marc:datafield tag="035" ind1=" " ind2=" ">
            <marc:subfield code="a">(StDuBDS)EDZ0001860483</marc:subfield>
        </marc:datafield>
        <marc:datafield tag="040" ind1=" " ind2=" ">
            <marc:subfield code="a">StDuBDS</marc:subfield>
            <marc:subfield code="b">eng</marc:subfield>
            <marc:subfield code="e">rda</marc:subfield>
            <marc:subfield code="c">StDuBDS</marc:subfield>
        </marc:datafield>
        <marc:datafield tag="050" ind1=" " ind2="4">
            <marc:subfield code="a">PN1993.5.U6</marc:subfield>
        </marc:datafield>
        <marc:datafield tag="082" ind1="0" ind2="4">
            <marc:subfield code="a">791.430973</marc:subfield>
            <marc:subfield code="2">23</marc:subfield>
        </marc:datafield>
        <marc:datafield tag="100" ind1="1" ind2=" ">
            <marc:subfield code="a">Backman Rogers, Anna,</marc:subfield>
            <marc:subfield code="4">aut</marc:subfield>
            <marc:subfield code="4">http://rdaregistry.info/Elements/w/object/P10061</marc:subfield>
            <marc:subfield code="1">http://viaf.org/viaf/316509371</marc:subfield>
        </marc:datafield>
        <marc:datafield tag="240" ind1="" ind2="">
            <marc:subfield code="a">American independent cinema : rites of passage and the crisis image</marc:subfield>
            <marc:subfield code="1">http://viaf.org/viaf/316509371/ramericanindependentcinema</marc:subfield>
        </marc:datafield>
        <marc:datafield tag="245" ind1="1" ind2="0">
            <marc:subfield code="a">American independent cinema :</marc:subfield>
            <marc:subfield code="b">rites of passage and the crisis image /</marc:subfield>
            <marc:subfield code="c">Anna Backman Rogers.</marc:subfield>
        </marc:datafield>
        <marc:datafield tag="264" ind1=" " ind2="1">
            <marc:subfield code="a">Edinburgh :</marc:subfield>
            <marc:subfield code="b">Edinburgh University Press,</marc:subfield>
            <marc:subfield code="c">2018.</marc:subfield>
        </marc:datafield>
        <marc:datafield tag="300" ind1=" " ind2=" ">
            <marc:subfield code="a">1 online resource :</marc:subfield>
            <marc:subfield code="b">illustrations (black and white).</marc:subfield>
        </marc:datafield>
        <marc:datafield tag="336" ind1=" " ind2=" ">
            <marc:subfield code="a">text</marc:subfield>
            <marc:subfield code="2">rdacontent</marc:subfield>
        </marc:datafield>
        <marc:datafield tag="337" ind1=" " ind2=" ">
            <marc:subfield code="a">computer</marc:subfield>
            <marc:subfield code="2">rdamedia</marc:subfield>
        </marc:datafield>
        <marc:datafield tag="338" ind1=" " ind2=" ">
            <marc:subfield code="a">online resource</marc:subfield>
            <marc:subfield code="2">rdacarrier</marc:subfield>
        </marc:datafield>
        <marc:datafield tag="380" ind1=" " ind2=" ">
            <marc:subfield code="a">non-fiction</marc:subfield>
        </marc:datafield>
        <marc:datafield tag="490" ind1="1" ind2=" ">
            <marc:subfield code="a">Edinburgh studies in film and intermediality</marc:subfield>
        </marc:datafield>
        <marc:datafield tag="500" ind1=" " ind2=" ">
            <marc:subfield code="a">Online access provided by University Press Scholarship Online.</marc:subfield>
        </marc:datafield>
        <marc:datafield tag="500" ind1=" " ind2=" ">
            <marc:subfield code="a">Previously issued in print: 2015.</marc:subfield>
        </marc:datafield>
        <marc:datafield tag="504" ind1=" " ind2=" ">
            <marc:subfield code="a">Includes bibliographical references, filmography and index.</marc:subfield>
        </marc:datafield>
        <marc:datafield tag="520" ind1="8" ind2=" ">
            <marc:subfield code="a">Anna Backman Rogers argues that American independent cinema is a cinema not merely in crisis, but also of crisis. As a cinema which often explores the rite of passage by explicitly drawing on American cinematic heritage, from the teen movie to the western, American independent films deal in images of crisis, transition and metamorphosis, offering a subversive engagement with more traditional modes of representation. Examining films by Gus Van Sant, Jim Jarmusch and Sofia Coppola, this study sets forth that American indie films offer the viewer an `art experience' within the confines of commercial, narrative cinema by engaging with cinematic time (as a mode of philosophical thought) and foregrounding the inherent 'crisis' of the cinematic image (as the mode of being as change).</marc:subfield>
        </marc:datafield>
        <marc:datafield tag="521" ind1=" " ind2=" ">
            <marc:subfield code="a">Specialized.</marc:subfield>
        </marc:datafield>
        <marc:datafield tag="588" ind1=" " ind2=" ">
            <marc:subfield code="a">Description based on online resource; title from home page (viewed on April 13, 2018).</marc:subfield>
        </marc:datafield>
        <marc:datafield tag="600" ind1="1" ind2="0">
            <marc:subfield code="a">Van Sant, Gus</marc:subfield>
            <marc:subfield code="x">Criticism and interpretation.</marc:subfield>
        </marc:datafield>
        <marc:datafield tag="600" ind1="1" ind2="0">
            <marc:subfield code="a">Jarmusch, Jim,</marc:subfield>
            <marc:subfield code="d">1953-</marc:subfield>
            <marc:subfield code="x">Criticism and interpretation.</marc:subfield>
        </marc:datafield>
        <marc:datafield tag="600" ind1="1" ind2="0">
            <marc:subfield code="a">Coppola, Sofia,</marc:subfield>
            <marc:subfield code="d">1971-</marc:subfield>
            <marc:subfield code="x">Criticism and interpretation.</marc:subfield>
        </marc:datafield>
        <marc:datafield tag="710" ind1="2" ind2=" ">
            <marc:subfield code="a">Oxford University Press.</marc:subfield>
        </marc:datafield>
        <marc:datafield tag="776" ind1="0" ind2="8">
            <marc:subfield code="i">Print version :</marc:subfield>
            <marc:subfield code="z">9780748693603</marc:subfield>
        </marc:datafield>
        <marc:datafield tag="830" ind1=" " ind2="0">
            <marc:subfield code="a">University Press Scholarship Online.</marc:subfield>
        </marc:datafield>
        <marc:datafield tag="830" ind1=" " ind2="0">
            <marc:subfield code="a">Edinburgh studies in film and intermediality.</marc:subfield>
        </marc:datafield>
        <marc:datafield tag="856" ind1="4" ind2="0">
            <marc:subfield code="3">Edinburgh scholarship online</marc:subfield>
            <marc:subfield code="u">http://dx.doi.org/10.3366/edinburgh/9780748693603.001.0001</marc:subfield>
        </marc:datafield>
    </marc:record>