
    <marc:record>
        <marc:leader>03182nam a22004215i 4500</marc:leader>
        <marc:controlfield tag="001">021629966</marc:controlfield>
        <marc:controlfield tag="003">UkOxU</marc:controlfield>
        <marc:controlfield tag="005">20190612173428.0</marc:controlfield>
        <marc:controlfield tag="006">m    ||  d |      </marc:controlfield>
        <marc:controlfield tag="007">cr |||||||||||</marc:controlfield>
        <marc:controlfield tag="008">190605s2019    xxu||||fo    |||| ||eng  </marc:controlfield>
        <marc:datafield tag="041" ind1=" " ind2=" " created="yes">
            <marc:subfield code="a">eng</marc:subfield>
        </marc:datafield>
        <marc:datafield tag="020" ind1=" " ind2=" ">
            <marc:subfield code="a">9780226629520</marc:subfield>
            <marc:subfield code="q">(Electronic book (EPUB format))</marc:subfield>
        </marc:datafield>
        <marc:datafield tag="020" ind1=" " ind2=" ">
            <marc:subfield code="z">9780226629353</marc:subfield>
            <marc:subfield code="q">(print)</marc:subfield>
        </marc:datafield>
        <marc:datafield tag="020" ind1=" " ind2=" ">
            <marc:subfield code="z">9780226629490</marc:subfield>
            <marc:subfield code="q">(print)</marc:subfield>
        </marc:datafield>
        <marc:datafield tag="035" ind1=" " ind2=" ">
            <marc:subfield code="a">(Uk)019432987</marc:subfield>
        </marc:datafield>
        <marc:datafield tag="037" ind1=" " ind2=" ">
            <marc:subfield code="a">org.bibliovault.9780226629520</marc:subfield>
            <marc:subfield code="b">BiblioVault</marc:subfield>
        </marc:datafield>
        <marc:datafield tag="040" ind1=" " ind2=" ">
            <marc:subfield code="a">Uk</marc:subfield>
            <marc:subfield code="b">eng</marc:subfield>
            <marc:subfield code="c">Uk</marc:subfield>
        </marc:datafield>
        <marc:datafield tag="100" ind1="1" ind2=" ">
            <marc:subfield code="a">Gennep, Arnold van.</marc:subfield>
            <marc:subfield code="d">1873-1957.</marc:subfield>
            <marc:subfield code="4">aut</marc:subfield>
            <marc:subfield code="4">http://rdaregistry.info/Elements/w/object/P10061</marc:subfield>
            <marc:subfield code="1">http://viaf.org/viaf/95162287</marc:subfield>
        </marc:datafield>
        <marc:datafield tag="240" ind1="" ind2="">
            <marc:subfield code="a">Les rites de passage</marc:subfield>
            <marc:subfield code="l">eng</marc:subfield>
            <marc:subfield code="1">http://viaf.org/viaf/197012309</marc:subfield>
        </marc:datafield>
        <marc:datafield tag="245" ind1="1" ind2="4">
            <marc:subfield code="a">The Rites of Passage, Second Edition /</marc:subfield>
            <marc:subfield code="c">Arnold van Gennep, David I. Kertzer, Monika B. Vizedom, Gabrielle L. Caffee.</marc:subfield>
        </marc:datafield>
        <marc:datafield tag="264" ind1=" " ind2="1">
            <marc:subfield code="a">Chicago :</marc:subfield>
            <marc:subfield code="b">University of Chicago Press,</marc:subfield>
            <marc:subfield code="c">2019.</marc:subfield>
        </marc:datafield>
        <marc:datafield tag="264" ind1=" " ind2="4">
            <marc:subfield code="c">©2019</marc:subfield>
        </marc:datafield>
        <marc:datafield tag="300" ind1=" " ind2=" ">
            <marc:subfield code="a">1 online resource (256 pages).</marc:subfield>
        </marc:datafield>
        <marc:datafield tag="336" ind1=" " ind2=" ">
            <marc:subfield code="a">text</marc:subfield>
            <marc:subfield code="2">rdacontent</marc:subfield>
        </marc:datafield>
        <marc:datafield tag="337" ind1=" " ind2=" ">
            <marc:subfield code="a">computer</marc:subfield>
            <marc:subfield code="2">rdamedia</marc:subfield>
        </marc:datafield>
        <marc:datafield tag="338" ind1=" " ind2=" ">
            <marc:subfield code="a">online resource</marc:subfield>
            <marc:subfield code="2">rdacarrier</marc:subfield>
        </marc:datafield>
        <marc:datafield tag="380" ind1=" " ind2=" ">
            <marc:subfield code="a">non-fiction</marc:subfield>
        </marc:datafield>
        <marc:datafield tag="505" ind1="0" ind2=" ">
            <marc:subfield code="a">&lt;div class='ch-level-1' class='start-page-v' class='sequence-1'&gt;Contents &lt;div class='ch-level-1' class='start-page-vii' class='sequence-2'&gt;Introduction to the Second Edition by David I. Kertzer &lt;div class='ch-level-1' class='start-page-xlv' class='sequence-3'&gt;Author's Foreword &lt;div class='ch-level-1' class='start-page-1' class='sequence-4'&gt;I. The Classification of Rites &lt;div class='ch-level-1' class='start-page-15' class='sequence-5'&gt;II. The Territorial Passage &lt;div class='ch-level-1' class='start-page-26' class='sequence-6'&gt;III. Individuals and Groups &lt;div class='ch-level-1' class='start-page-41' class='sequence-7'&gt;IV. Pregnancy and Childbirth &lt;div class='ch-level-1' class='start-page-50' class='sequence-8'&gt;V. Birth and Childhood &lt;div class='ch-level-1' class='start-page-65' class='sequence-9'&gt;VI. Initiation Rites &lt;div class='ch-level-1' class='start-page-116' class='sequence-10'&gt;VII. Betrothal and Marriage &lt;div class='ch-level-1' class='start-page-146' class='sequence-11'&gt;VIII. Funerals &lt;div class='ch-level-1' class='start-page-166' class='sequence-12'&gt;IX. Other Types of Rites of Passage &lt;div class='ch-level-1' class='start-page-189' class='sequence-13'&gt;X. Conclusions &lt;div class='ch-level-1' class='start-page-195' class='sequence-14'&gt;Index.</marc:subfield>
        </marc:datafield>
        <marc:datafield tag="506" ind1="1" ind2=" ">
            <marc:subfield code="a">Legal Deposit;</marc:subfield>
            <marc:subfield code="c">Only available on premises controlled by the deposit library and to one user at any one time;</marc:subfield>
            <marc:subfield code="e">The Legal Deposit Libraries (Non-Print Works) Regulations (UK).</marc:subfield>
            <marc:subfield code="5">UkOxU</marc:subfield>
        </marc:datafield>
        <marc:datafield tag="540" ind1=" " ind2=" ">
            <marc:subfield code="a">Restricted: Printing from this resource is governed by The Legal Deposit Libraries (Non-Print Works) Regulations (UK) and UK copyright law currently in force.</marc:subfield>
            <marc:subfield code="5">UkOxU</marc:subfield>
        </marc:datafield>
        <marc:datafield tag="500" ind1=" " ind2=" ">
            <marc:subfield code="a">Academic</marc:subfield>
        </marc:datafield>
        <marc:datafield tag="700" ind1="1" ind2=" ">
            <marc:subfield code="a">Kertzer, David I.,</marc:subfield>
            <marc:subfield code="4">aui</marc:subfield>
        </marc:datafield>
        <marc:datafield tag="700" ind1="1" ind2=" ">
            <marc:subfield code="a">Vizedom, Monika B.,</marc:subfield>
            <marc:subfield code="4">trl</marc:subfield>
        </marc:datafield>
        <marc:datafield tag="700" ind1="1" ind2=" ">
            <marc:subfield code="a">Caffee, Gabrielle L.,</marc:subfield>
            <marc:subfield code="4">trl</marc:subfield>
        </marc:datafield>
        <marc:datafield tag="859" ind1=" " ind2=" ">
            <marc:subfield code="a">ELD</marc:subfield>
            <marc:subfield code="b">ebook</marc:subfield>
        </marc:datafield>
        <marc:datafield tag="876" ind1=" " ind2=" ">
            <marc:subfield code="0">ark:/81055/vdc_100082416926.0x000001</marc:subfield>
            <marc:subfield code="a">ark:/81055/vdc_100082416908.0x000001</marc:subfield>
        </marc:datafield>
        <marc:datafield tag="884" ind1=" " ind2=" ">
            <marc:subfield code="a">LDL ebooks ONIX to marcxml transformation using Record_Load-eBooks_Legal_Deposit_onix2marc_v2-1.xsl</marc:subfield>
            <marc:subfield code="g">20190605</marc:subfield>
            <marc:subfield code="k">org.bibliovault.9780226629520</marc:subfield>
            <marc:subfield code="q">Uk</marc:subfield>
        </marc:datafield>
    </marc:record>