
    <marc:record>
        <marc:leader>00774nam a22002053  4500</marc:leader>
        <marc:controlfield tag="001">014090479</marc:controlfield>
        <marc:controlfield tag="003">UkOxU</marc:controlfield>
        <marc:controlfield tag="005">19990531200449.0</marc:controlfield>
        <marc:controlfield tag="008">931015s1747    enk           000 0      </marc:controlfield>
        <marc:datafield tag="041" ind1=" " ind2=" " created="yes">
            <marc:subfield code="a">eng</marc:subfield>
        </marc:datafield>
        <marc:datafield tag="029" ind1=" " ind2=" ">
            <marc:subfield code="a">1747</marc:subfield>
        </marc:datafield>
        <marc:datafield tag="035" ind1=" " ind2=" ">
            <marc:subfield code="a">CD-0000218576</marc:subfield>
        </marc:datafield>
        <marc:datafield tag="092" ind1=" " ind2=" ">
            <marc:subfield code="a">FQ122</marc:subfield>
        </marc:datafield>
        <marc:datafield tag="100" ind1="1" ind2=" ">
            <marc:subfield code="a">Connak, Richard.</marc:subfield>
            <marc:subfield code="4">aut</marc:subfield>
            <marc:subfield code="4">http://rdaregistry.info/Elements/w/object/P10061</marc:subfield>
        </marc:datafield>
        <marc:datafield tag="240" ind1="1" ind2="0">
            <marc:subfield code="a">A collection of the names of all the princes of ... England</marc:subfield>
        </marc:datafield>
        <marc:datafield tag="245" ind1="1" ind2="2">
            <marc:subfield code="a">A collection of the names of all the princes of ... England, such as have been the kings eldest sons, or next inheritors to the crown, beginning in the reign of Henry iii. unto ... July, 1609 [by R. Connak, publ. by J.T. Philipps].</marc:subfield>
        </marc:datafield>
        <marc:datafield tag="260" ind1=" " ind2=" ">
            <marc:subfield code="a">Lond.</marc:subfield>
            <marc:subfield code="c">1747</marc:subfield>
        </marc:datafield>
        <marc:datafield tag="300" ind1=" " ind2=" ">
            <marc:subfield code="c">(8⁰)</marc:subfield>
        </marc:datafield>
        <marc:datafield tag="336" ind1=" " ind2=" ">
            <marc:subfield code="a">text</marc:subfield>
            <marc:subfield code="2">rdacontent</marc:subfield>
        </marc:datafield>
        <marc:datafield tag="337" ind1=" " ind2=" ">
            <marc:subfield code="a">unmediated</marc:subfield>
            <marc:subfield code="2">rdamedia</marc:subfield>
        </marc:datafield>
        <marc:datafield tag="338" ind1=" " ind2=" ">
            <marc:subfield code="a">volume</marc:subfield>
            <marc:subfield code="2">rdacarrier</marc:subfield>
        </marc:datafield>
        <marc:datafield tag="380" ind1=" " ind2=" ">
            <marc:subfield code="a">non-fiction</marc:subfield>
        </marc:datafield>
        <marc:datafield tag="655" ind1=" " ind2="7">
            <marc:subfield code="a">Association copies (Provenance)</marc:subfield>
            <marc:subfield code="x">Douce</marc:subfield>
            <marc:subfield code="2">rbprov</marc:subfield>
            <marc:subfield code="5">UkOxU : 590254453</marc:subfield>
        </marc:datafield>
        <marc:datafield tag="700" ind1="1" ind2=" ">
            <marc:subfield code="a">Philipps, Jenkin Thomas,</marc:subfield>
            <marc:subfield code="4">edt</marc:subfield>
            <marc:subfield code="2">pre20</marc:subfield>
        </marc:datafield>
        <marc:datafield tag="752" ind1=" " ind2=" ">
            <marc:subfield code="a">England</marc:subfield>
            <marc:subfield code="d">London</marc:subfield>
        </marc:datafield>
    </marc:record>