
    <marc:record>
        <marc:leader>01496cam a22002533  4500</marc:leader>
        <marc:controlfield tag="001">016276506</marc:controlfield>
        <marc:controlfield tag="003">UkOxU</marc:controlfield>
        <marc:controlfield tag="005">20070522223301.0</marc:controlfield>
        <marc:controlfield tag="006">m    |   j |      </marc:controlfield>
        <marc:controlfield tag="007">cr||n||||||||n</marc:controlfield>
        <marc:controlfield tag="008">820521s1747    enk|||| s     00| ||eng d</marc:controlfield>
        <marc:datafield tag="041" ind1=" " ind2=" " created="yes">
            <marc:subfield code="a">eng</marc:subfield>
        </marc:datafield>
        <marc:datafield tag="035" ind1=" " ind2=" ">
            <marc:subfield code="a">(CStRLIN)ESTCT140622</marc:subfield>
        </marc:datafield>
        <marc:datafield tag="040" ind1=" " ind2=" ">
            <marc:subfield code="a">Uk-ES</marc:subfield>
            <marc:subfield code="c">Uk-ES</marc:subfield>
            <marc:subfield code="d">CStRLIN</marc:subfield>
            <marc:subfield code="d">Thomson Gale</marc:subfield>
        </marc:datafield>
        <marc:datafield tag="100" ind1="1" ind2=" ">
            <marc:subfield code="a">Connak, Richard.</marc:subfield>
            <marc:subfield code="4">aut</marc:subfield>
            <marc:subfield code="4">http://rdaregistry.info/Elements/w/object/P10061</marc:subfield>
        </marc:datafield>
        <marc:datafield tag="240" ind1="1" ind2="0">
            <marc:subfield code="a">A collection of the names of all the princes of ... England</marc:subfield>
        </marc:datafield>
        <marc:datafield tag="245" ind1="1" ind2="2">
            <marc:subfield code="a">A collection of the names of all the princes of this kingdom of England, such as have been the kings eldest sons, or next inheritors to the crown, beginning in the time of ... King Henry III. unto this present, being in July, 1609,</marc:subfield>
            <marc:subfield code="h">[electronic resource]...</marc:subfield>
        </marc:datafield>
        <marc:datafield tag="260" ind1=" " ind2=" ">
            <marc:subfield code="a">London :</marc:subfield>
            <marc:subfield code="b">printed in the year,</marc:subfield>
            <marc:subfield code="c">1747.</marc:subfield>
        </marc:datafield>
        <marc:datafield tag="300" ind1=" " ind2=" ">
            <marc:subfield code="a">[4],72p. ;</marc:subfield>
            <marc:subfield code="c">8⁰.</marc:subfield>
        </marc:datafield>
        <marc:datafield tag="336" ind1=" " ind2=" ">
            <marc:subfield code="a">text</marc:subfield>
            <marc:subfield code="2">rdacontent</marc:subfield>
        </marc:datafield>
        <marc:datafield tag="337" ind1=" " ind2=" ">
            <marc:subfield code="a">unmediated</marc:subfield>
            <marc:subfield code="2">rdamedia</marc:subfield>
        </marc:datafield>
        <marc:datafield tag="338" ind1=" " ind2=" ">
            <marc:subfield code="a">volume</marc:subfield>
            <marc:subfield code="2">rdacarrier</marc:subfield>
        </marc:datafield>
        <marc:datafield tag="380" ind1=" " ind2=" ">
            <marc:subfield code="a">non-fiction</marc:subfield>
        </marc:datafield>
        <marc:datafield tag="500" ind1=" " ind2=" ">
            <marc:subfield code="a">Dedication signed: Richard Connak.</marc:subfield>
        </marc:datafield>
        <marc:datafield tag="500" ind1=" " ind2=" ">
            <marc:subfield code="a">Edited by Jenkin T. Philipps.</marc:subfield>
        </marc:datafield>
        <marc:datafield tag="500" ind1=" " ind2=" ">
            <marc:subfield code="a">With an initial leaf reading: "This treatise is carefully transcribed from the original, which is fairly written on vellum, and is now in the library of Trinity College, Cambridge.".</marc:subfield>
        </marc:datafield>
        <marc:datafield tag="500" ind1=" " ind2=" ">
            <marc:subfield code="a">Reproduction of original from the British Library.</marc:subfield>
        </marc:datafield>
        <marc:datafield tag="510" ind1="4" ind2=" ">
            <marc:subfield code="a">English Short Title Catalog,</marc:subfield>
            <marc:subfield code="c">ESTCT140622.</marc:subfield>
        </marc:datafield>
        <marc:datafield tag="533" ind1=" " ind2=" ">
            <marc:subfield code="a">Electronic reproduction.</marc:subfield>
            <marc:subfield code="b">Farmington Hills, Mich. :</marc:subfield>
            <marc:subfield code="c">Thomson Gale,</marc:subfield>
            <marc:subfield code="d">2003.</marc:subfield>
            <marc:subfield code="n">Available via the World Wide Web.</marc:subfield>
            <marc:subfield code="n">Access limited by licensing agreements</marc:subfield>
            <marc:subfield code="7">s2003 miunns</marc:subfield>
        </marc:datafield>
        <marc:datafield tag="700" ind1="1" ind2=" ">
            <marc:subfield code="a">Philipps, Jenkin Thomas,</marc:subfield>
            <marc:subfield code="4">edt</marc:subfield>
            <marc:subfield code="2">pre20</marc:subfield>
        </marc:datafield>
        <marc:datafield tag="856" ind1="4" ind2="0">
            <marc:subfield code="u">http://galenet.galegroup.com/servlet/ECCO?c=1&amp;stp=Author&amp;ste=11&amp;af=BN&amp;ae=T140622&amp;tiPG=1&amp;dd=0&amp;dc=flc&amp;docNum=CW102767713&amp;vrsn=1.0&amp;srchtp=a&amp;d4=0.33&amp;n=10&amp;SU=0LRH&amp;locID=oxford</marc:subfield>
            <marc:subfield code="z">Full text online</marc:subfield>
        </marc:datafield>
    </marc:record>