
    <marc:record>
        <marc:leader>00586nam a2200169 a 4500</marc:leader>
        <marc:controlfield tag="001">015001609</marc:controlfield>
        <marc:controlfield tag="003">UkOxU</marc:controlfield>
        <marc:controlfield tag="005">20000927090324.0</marc:controlfield>
        <marc:controlfield tag="008">000927s1925    stk           000 1 eng d</marc:controlfield>
        <marc:datafield tag="041" ind1=" " ind2=" " created="yes">
            <marc:subfield code="a">eng</marc:subfield>
        </marc:datafield>
        <marc:datafield tag="100" ind1="1" ind2=" ">
            <marc:subfield code="a">Conrad, Joseph,</marc:subfield>
            <marc:subfield code="d">1857-1924.</marc:subfield>
            <marc:subfield code="4">aut</marc:subfield>
            <marc:subfield code="4">http://rdaregistry.info/Elements/w/object/P10061</marc:subfield>
            <marc:subfield code="1">http://viaf.org/viaf/73862853</marc:subfield>
        </marc:datafield>
        <marc:datafield tag="240" ind1="1" ind2="0">
            <marc:subfield code="a">The inheritors</marc:subfield>
            <marc:subfield code="1">http://viaf.org/viaf/179396738</marc:subfield>
        </marc:datafield>
        <marc:datafield tag="245" ind1="1" ind2="4">
            <marc:subfield code="a">The inheritors :</marc:subfield>
            <marc:subfield code="b">an extravagant story /</marc:subfield>
            <marc:subfield code="c">Joseph Conrad and F.M. Hueffer</marc:subfield>
        </marc:datafield>
        <marc:datafield tag="260" ind1=" " ind2=" ">
            <marc:subfield code="a">Edinburgh :</marc:subfield>
            <marc:subfield code="b">John Grant ;</marc:subfield>
            <marc:subfield code="c">1925.</marc:subfield>
        </marc:datafield>
        <marc:datafield tag="300" ind1=" " ind2=" ">
            <marc:subfield code="a">211 p. ;</marc:subfield>
            <marc:subfield code="c">22 cms.</marc:subfield>
        </marc:datafield>
        <marc:datafield tag="336" ind1=" " ind2=" ">
            <marc:subfield code="a">text</marc:subfield>
            <marc:subfield code="2">rdacontent</marc:subfield>
        </marc:datafield>
        <marc:datafield tag="337" ind1=" " ind2=" ">
            <marc:subfield code="a">unmediated</marc:subfield>
            <marc:subfield code="2">rdamedia</marc:subfield>
        </marc:datafield>
        <marc:datafield tag="338" ind1=" " ind2=" ">
            <marc:subfield code="a">volume</marc:subfield>
            <marc:subfield code="2">rdacarrier</marc:subfield>
        </marc:datafield>
        <marc:datafield tag="380" ind1=" " ind2=" ">
            <marc:subfield code="a">novel</marc:subfield>
        </marc:datafield>
        <marc:datafield tag="490" ind1="1" ind2=" ">
            <marc:subfield code="a">The works of Joseph Conrad in twenty volumes ;</marc:subfield>
            <marc:subfield code="v">5</marc:subfield>
        </marc:datafield>
        <marc:datafield tag="700" ind1="1" ind2=" ">
            <marc:subfield code="a">Ford, Ford Madox,</marc:subfield>
            <marc:subfield code="d">1873-1939.</marc:subfield>
            <marc:subfield code="4">aut</marc:subfield>
            <marc:subfield code="4">http://rdaregistry.info/Elements/w/object/P10061</marc:subfield>
            <marc:subfield code="1">http://viaf.org/viaf/59077275</marc:subfield>
        </marc:datafield>
        <marc:datafield tag="800" ind1="1" ind2=" ">
            <marc:subfield code="a">Conrad, Joseph,</marc:subfield>
            <marc:subfield code="d">1857-1924.</marc:subfield>
            <marc:subfield code="t">Works.</marc:subfield>
            <marc:subfield code="f">1925 ;</marc:subfield>
            <marc:subfield code="v">5.</marc:subfield>
        </marc:datafield>
    </marc:record>