
    <marc:record>
        <marc:leader>00790nam a22002412a 4500</marc:leader>
        <marc:controlfield tag="001">011230970</marc:controlfield>
        <marc:controlfield tag="003">UkOxU</marc:controlfield>
        <marc:controlfield tag="005">19960602061832.0</marc:controlfield>
        <marc:controlfield tag="008">500101s1970    nyu           001 0 eng d</marc:controlfield>
        <marc:datafield tag="041" ind1=" " ind2=" " created="yes">
            <marc:subfield code="a">eng</marc:subfield>
        </marc:datafield>
        <marc:datafield tag="020" ind1=" " ind2=" ">
            <marc:subfield code="a">0151879869</marc:subfield>
        </marc:datafield>
        <marc:datafield tag="035" ind1=" " ind2=" ">
            <marc:subfield code="a">OCLC ocm00093363 from D950309M</marc:subfield>
        </marc:datafield>
        <marc:datafield tag="040" ind1=" " ind2=" ">
            <marc:subfield code="a">DLC</marc:subfield>
            <marc:subfield code="c">DLC</marc:subfield>
            <marc:subfield code="d">EQO</marc:subfield>
        </marc:datafield>
        <marc:datafield tag="050" ind1=" " ind2="0">
            <marc:subfield code="a">PR6013.O35</marc:subfield>
            <marc:subfield code="b">Z595</marc:subfield>
        </marc:datafield>
        <marc:datafield tag="082" ind1=" " ind2=" ">
            <marc:subfield code="a">823/.9/14</marc:subfield>
        </marc:datafield>
        <marc:datafield tag="092" ind1=" " ind2=" ">
            <marc:subfield code="a">D0502296037</marc:subfield>
        </marc:datafield>
        <marc:datafield tag="100" ind1="1" ind2=" ">
            <marc:subfield code="a">Biles, Jack I.,</marc:subfield>
            <marc:subfield code="c">1920-</marc:subfield>
            <marc:subfield code="4">ivr</marc:subfield>
            <marc:subfield code="4">aut</marc:subfield>
            <marc:subfield code="4">http://rdaregistry.info/Elements/w/object/P10061</marc:subfield>
            <marc:subfield code="1">http://viaf.org/viaf/65461487</marc:subfield>
        </marc:datafield>
        <marc:datafield tag="240" ind1="" ind2=" ">
            <marc:subfield code="a">Talk, conversations with William Golding</marc:subfield>
        </marc:datafield>
        <marc:datafield tag="245" ind1="1" ind2="0">
            <marc:subfield code="a">Talk, conversations with William Golding /</marc:subfield>
            <marc:subfield code="c">Jack I. Biles ; foreword by William Golding</marc:subfield>
        </marc:datafield>
        <marc:datafield tag="260" ind1=" " ind2=" ">
            <marc:subfield code="a">New York :</marc:subfield>
            <marc:subfield code="b">Harcourt Brace Jovanovich,</marc:subfield>
            <marc:subfield code="c">[1970]</marc:subfield>
        </marc:datafield>
        <marc:datafield tag="300" ind1=" " ind2=" ">
            <marc:subfield code="a">xii, 112 p. ;</marc:subfield>
            <marc:subfield code="c">21 cm</marc:subfield>
        </marc:datafield>
        <marc:datafield tag="300" ind1=" " ind2=" ">
            <marc:subfield code="a">[80] p ;</marc:subfield>
            <marc:subfield code="c">30 cm</marc:subfield>
        </marc:datafield>
        <marc:datafield tag="336" ind1=" " ind2=" ">
            <marc:subfield code="a">text</marc:subfield>
            <marc:subfield code="2">rdacontent</marc:subfield>
        </marc:datafield>
        <marc:datafield tag="337" ind1=" " ind2=" ">
            <marc:subfield code="a">unmediated</marc:subfield>
            <marc:subfield code="2">rdamedia</marc:subfield>
        </marc:datafield>
        <marc:datafield tag="338" ind1=" " ind2=" ">
            <marc:subfield code="a">volume</marc:subfield>
            <marc:subfield code="2">rdacarrier</marc:subfield>
        </marc:datafield>
        <marc:datafield tag="380" ind1=" " ind2=" ">
            <marc:subfield code="a">documentary</marc:subfield>
        </marc:datafield>
        <marc:datafield tag="600" ind1="1" ind2="0">
            <marc:subfield code="a">Golding, William,</marc:subfield>
            <marc:subfield code="d">1911-1993</marc:subfield>
            <marc:subfield code="v">Interviews.</marc:subfield>
            <marc:subfield code="1">http://viaf.org/viaf/89500102</marc:subfield>
        </marc:datafield>
        <marc:datafield tag="700" ind1="1" ind2=" ">
            <marc:subfield code="a">Golding, William,</marc:subfield>
            <marc:subfield code="d">1911-1993.</marc:subfield>
            <marc:subfield code="1">http://viaf.org/viaf/89500102</marc:subfield>
            <marc:subfield code="4">ive</marc:subfield>
            <marc:subfield code="4">aui</marc:subfield>
        </marc:datafield>
    </marc:record>