
    <marc:record>
        <marc:leader>02226cam a2200409 i 4500</marc:leader>
        <marc:controlfield tag="001">020545637</marc:controlfield>
        <marc:controlfield tag="003">UkOxU</marc:controlfield>
        <marc:controlfield tag="005">20160404125354.0</marc:controlfield>
        <marc:controlfield tag="008">911219s1574    enk||||       000|0|eng c</marc:controlfield>
        <marc:datafield tag="041" ind1=" " ind2=" " created="yes">
            <marc:subfield code="a">eng</marc:subfield>
        </marc:datafield>
        <marc:datafield tag="035" ind1=" " ind2=" ">
            <marc:subfield code="a">(CU-RivES)S112801</marc:subfield>
        </marc:datafield>
        <marc:datafield tag="035" ind1=" " ind2=" ">
            <marc:subfield code="a">(Uk-ES)006184136</marc:subfield>
        </marc:datafield>
        <marc:datafield tag="040" ind1=" " ind2=" ">
            <marc:subfield code="a">CU-RivES</marc:subfield>
            <marc:subfield code="e">dcrmb</marc:subfield>
            <marc:subfield code="e">rda</marc:subfield>
            <marc:subfield code="c">CU-RivES</marc:subfield>
            <marc:subfield code="d">CStRLIN</marc:subfield>
            <marc:subfield code="d">UkOxU</marc:subfield>
        </marc:datafield>
        <marc:datafield tag="092" ind1=" " ind2=" ">
            <marc:subfield code="a">ESTCS112801</marc:subfield>
        </marc:datafield>
        <marc:datafield tag="100" ind1="1" ind2=" ">
            <marc:subfield code="a">Bèze, Théodore de,</marc:subfield>
            <marc:subfield code="d">1519-1605,</marc:subfield>
            <marc:subfield code="4">aut</marc:subfield>
            <marc:subfield code="4">http://rdaregistry.info/Elements/w/object/P10061</marc:subfield>
            <marc:subfield code="1">http://viaf.org/viaf/66463755</marc:subfield>
        </marc:datafield>
        <marc:datafield tag="240" ind1="1" ind2="0">
            <marc:subfield code="a">Quaestionum et responsionum christianarum libellus.</marc:subfield>
            <marc:subfield code="l">eng</marc:subfield>
        </marc:datafield>
        <marc:datafield tag="245" ind1="1" ind2="2">
            <marc:subfield code="a">A booke of Christian questions and answers. :</marc:subfield>
            <marc:subfield code="b">Wherein are set foorth the cheef points of the Christian religion in maner of an abridgment. A worke right necessary and profitable for all such as shal haue to deale vvith the captious quarelinges of the vvrangling aduersaries of Gods truthe. /</marc:subfield>
            <marc:subfield code="c">Written in Latin by the lerned clerke Theodore Beza Vezelius, and newly translated into English by Arthur Golding..</marc:subfield>
        </marc:datafield>
        <marc:datafield tag="246" ind1="3" ind2=" ">
            <marc:subfield code="a">Quaestionum et responsionum christianarum libellus.</marc:subfield>
        </marc:datafield>
        <marc:datafield tag="246" ind1="1" ind2="7">
            <marc:subfield code="a">Of christen questions and answeres</marc:subfield>
        </marc:datafield>
        <marc:datafield tag="264" ind1=" " ind2="1">
            <marc:subfield code="a">Imprinted at London, :</marc:subfield>
            <marc:subfield code="b">By William How, for Abraham Veale, dwellyng in Paules Church yarde at the signe of the Lambe.,</marc:subfield>
            <marc:subfield code="c">Ano. 1574.</marc:subfield>
        </marc:datafield>
        <marc:datafield tag="300" ind1=" " ind2=" ">
            <marc:subfield code="a">[4], 90 leaves ;</marc:subfield>
            <marc:subfield code="c">8⁰</marc:subfield>
        </marc:datafield>
        <marc:datafield tag="336" ind1=" " ind2=" ">
            <marc:subfield code="a">text</marc:subfield>
            <marc:subfield code="2">rdacontent</marc:subfield>
        </marc:datafield>
        <marc:datafield tag="337" ind1=" " ind2=" ">
            <marc:subfield code="a">unmediated</marc:subfield>
            <marc:subfield code="2">rdamedia</marc:subfield>
        </marc:datafield>
        <marc:datafield tag="338" ind1=" " ind2=" ">
            <marc:subfield code="a">volume</marc:subfield>
            <marc:subfield code="2">rdacarrier</marc:subfield>
        </marc:datafield>
        <marc:datafield tag="380" ind1=" " ind2=" ">
            <marc:subfield code="a">non-fiction</marc:subfield>
        </marc:datafield>
        <marc:datafield tag="500" ind1=" " ind2=" ">
            <marc:subfield code="a">An English translation, by Arthur Golding, of: Bèze, Théodore de. Quaestionum et responsionum christianarum libellus.</marc:subfield>
        </marc:datafield>
        <marc:datafield tag="500" ind1=" " ind2=" ">
            <marc:subfield code="a">Title page enclosed within decorative border.</marc:subfield>
        </marc:datafield>
        <marc:datafield tag="500" ind1=" " ind2=" ">
            <marc:subfield code="a">Signatures: A⁴ B-M⁸ N².</marc:subfield>
        </marc:datafield>
        <marc:datafield tag="510" ind1="4" ind2=" ">
            <marc:subfield code="a">ESTC,</marc:subfield>
            <marc:subfield code="c">S112801</marc:subfield>
        </marc:datafield>
        <marc:datafield tag="510" ind1="4" ind2=" ">
            <marc:subfield code="a">STC (2nd ed.),</marc:subfield>
            <marc:subfield code="c">2038</marc:subfield>
        </marc:datafield>
        <marc:datafield tag="533" ind1=" " ind2=" ">
            <marc:subfield code="a">Microfilm.</marc:subfield>
            <marc:subfield code="b">Ann Arbor, Mich.: University Microfilms International,</marc:subfield>
            <marc:subfield code="d">1952, 1980. 1 microfilm reel; 35 mm</marc:subfield>
            <marc:subfield code="f">(Early English books, 1475-1640; 487:05, 1537:16).</marc:subfield>
        </marc:datafield>
        <marc:datafield tag="610" ind1="2" ind2="0">
            <marc:subfield code="a">Catholic Church</marc:subfield>
            <marc:subfield code="v">Controversial literature</marc:subfield>
            <marc:subfield code="v">Early works to 1800.</marc:subfield>
        </marc:datafield>
        <marc:datafield tag="610" ind1="2" ind2="0">
            <marc:subfield code="a">Catholic Church</marc:subfield>
            <marc:subfield code="x">Doctrines</marc:subfield>
            <marc:subfield code="v">Early works to 1800.</marc:subfield>
        </marc:datafield>
        <marc:datafield tag="700" ind1="1" ind2=" ">
            <marc:subfield code="a">Golding, Arthur,</marc:subfield>
            <marc:subfield code="d">1536-1606,</marc:subfield>
            <marc:subfield code="4">trl</marc:subfield>
        </marc:datafield>
        <marc:datafield tag="700" ind1="1" ind2=" ">
            <marc:subfield code="a">Howe, William,</marc:subfield>
            <marc:subfield code="d">active 16th century-17th century,</marc:subfield>
            <marc:subfield code="e">printer.</marc:subfield>
            <marc:subfield code="4">prt</marc:subfield>
        </marc:datafield>
        <marc:datafield tag="700" ind1="1" ind2=" ">
            <marc:subfield code="a">Veale, Abraham,</marc:subfield>
            <marc:subfield code="e">bookseller</marc:subfield>
            <marc:subfield code="e">sll</marc:subfield>
        </marc:datafield>
        <marc:datafield tag="752" ind1=" " ind2=" ">
            <marc:subfield code="a">England</marc:subfield>
            <marc:subfield code="d">London.</marc:subfield>
        </marc:datafield>
    </marc:record>