
    <marc:record>
        <marc:leader>00781nam a22002293  4500</marc:leader>
        <marc:controlfield tag="001">014644002</marc:controlfield>
        <marc:controlfield tag="003">UkOxU</marc:controlfield>
        <marc:controlfield tag="005">20110703141505.0</marc:controlfield>
        <marc:controlfield tag="008">931015s1906    onc           000 0      </marc:controlfield>
        <marc:datafield tag="041" ind1=" " ind2=" " created="yes">
            <marc:subfield code="a">eng</marc:subfield>
        </marc:datafield>
        <marc:datafield tag="035" ind1=" " ind2=" ">
            <marc:subfield code="a">CD-0000074063</marc:subfield>
        </marc:datafield>
        <marc:datafield tag="092" ind1=" " ind2=" ">
            <marc:subfield code="a">CF965</marc:subfield>
        </marc:datafield>
        <marc:datafield tag="100" ind1="1" ind2=" ">
            <marc:subfield code="a">Bèze, Théodore de.</marc:subfield>
            <marc:subfield code="2">pre20</marc:subfield>
        </marc:datafield>
        <marc:datafield tag="240" ind1="1" ind2="0">
            <marc:subfield code="a">Abraham sacrifiant</marc:subfield>
            <marc:subfield code="l">eng</marc:subfield>
        </marc:datafield>
        <marc:datafield tag="245" ind1="1" ind2="2">
            <marc:subfield code="a">A tragedie of Abrahams sacrifice, tr. by A. Golding, ed., with an appendix containing the Abraham sacrifiant, by M.W. Wallace.</marc:subfield>
        </marc:datafield>
        <marc:datafield tag="260" ind1=" " ind2=" ">
            <marc:subfield code="a">[Toronto]</marc:subfield>
            <marc:subfield code="c">1906</marc:subfield>
        </marc:datafield>
        <marc:datafield tag="300" ind1=" " ind2=" ">
            <marc:subfield code="c">(8⁰)</marc:subfield>
        </marc:datafield>
        <marc:datafield tag="336" ind1=" " ind2=" ">
            <marc:subfield code="a">text</marc:subfield>
            <marc:subfield code="2">rdacontent</marc:subfield>
        </marc:datafield>
        <marc:datafield tag="337" ind1=" " ind2=" ">
            <marc:subfield code="a">unmediated</marc:subfield>
            <marc:subfield code="2">rdamedia</marc:subfield>
        </marc:datafield>
        <marc:datafield tag="338" ind1=" " ind2=" ">
            <marc:subfield code="a">volume</marc:subfield>
            <marc:subfield code="2">rdacarrier</marc:subfield>
        </marc:datafield>
        <marc:datafield tag="380" ind1=" " ind2=" ">
            <marc:subfield code="a">non-fiction</marc:subfield>
            <marc:subfield code="2">rdacarrier</marc:subfield>
        </marc:datafield>
        <marc:datafield tag="490" ind1="1" ind2=" ">
            <marc:subfield code="a">Univ. of Toronto studies, philol. ser.</marc:subfield>
        </marc:datafield>
        <marc:datafield tag="690" ind1="0" ind2="0">
            <marc:subfield code="a">French drama</marc:subfield>
            <marc:subfield code="x">Works</marc:subfield>
            <marc:subfield code="2">pre20</marc:subfield>
        </marc:datafield>
        <marc:datafield tag="700" ind1="1" ind2=" ">
            <marc:subfield code="a">Golding, Arthur,</marc:subfield>
            <marc:subfield code="d">1536-1606</marc:subfield>
            <marc:subfield code="4">trl</marc:subfield>
        </marc:datafield>
        <marc:datafield tag="700" ind1="1" ind2=" ">
            <marc:subfield code="a">Wallace, Malcolm William,</marc:subfield>
            <marc:subfield code="e">ed.</marc:subfield>
            <marc:subfield code="4">edt</marc:subfield>
            <marc:subfield code="2">pre20</marc:subfield>
        </marc:datafield>
        <marc:datafield tag="752" ind1=" " ind2=" ">
            <marc:subfield code="a">Canada</marc:subfield>
            <marc:subfield code="b">Ontario</marc:subfield>
            <marc:subfield code="d">Toronto</marc:subfield>
        </marc:datafield>
        <marc:datafield tag="830" ind1=" " ind2="0">
            <marc:subfield code="a">Univ. of Toronto studies, philol. ser.</marc:subfield>
            <marc:subfield code="2">pre20</marc:subfield>
        </marc:datafield>
    </marc:record>