
    <marc:record>
        <marc:leader>02337cam a2200409 a 4500</marc:leader>
        <marc:controlfield tag="001">015872525</marc:controlfield>
        <marc:controlfield tag="003">UkOxU</marc:controlfield>
        <marc:controlfield tag="005">20050705135004.0</marc:controlfield>
        <marc:controlfield tag="008">910524s1565    enk           000 0 eng d</marc:controlfield>
        <marc:datafield tag="041" ind1=" " ind2=" " created="yes">
            <marc:subfield code="a">eng</marc:subfield>
        </marc:datafield>
        <marc:datafield tag="029" ind1=" " ind2=" ">
            <marc:subfield code="a">1565</marc:subfield>
        </marc:datafield>
        <marc:datafield tag="035" ind1=" " ind2=" ">
            <marc:subfield code="a">(CStRLIN)ESTCS107121</marc:subfield>
        </marc:datafield>
        <marc:datafield tag="040" ind1=" " ind2=" ">
            <marc:subfield code="a">Cu-RivES</marc:subfield>
            <marc:subfield code="e">dcrb</marc:subfield>
            <marc:subfield code="c">Cu-RivES</marc:subfield>
            <marc:subfield code="d">CStRLIN</marc:subfield>
            <marc:subfield code="d">Cu-RivES</marc:subfield>
        </marc:datafield>
        <marc:datafield tag="092" ind1=" " ind2=" ">
            <marc:subfield code="a">ESTCS107121</marc:subfield>
        </marc:datafield>
        <marc:datafield tag="100" ind1="1" ind2=" ">
            <marc:subfield code="a">Caesar, Julius.</marc:subfield>
            <marc:subfield code="4">aut</marc:subfield>
            <marc:subfield code="4">http://rdaregistry.info/Elements/w/object/P10061</marc:subfield>
        </marc:datafield>
        <marc:datafield tag="240" ind1="1" ind2="0">
            <marc:subfield code="a">De bello Gallico.</marc:subfield>
            <marc:subfield code="l">eng</marc:subfield>
        </marc:datafield>
        <marc:datafield tag="245" ind1="1" ind2="4">
            <marc:subfield code="a">The eyght bookes of Caius Iulius Cæsar conteyning his martiall exploytes in the realme of Gallia and the countries bordering vppon the same translated oute of latin into English by Arthur Goldinge G.</marc:subfield>
        </marc:datafield>
        <marc:datafield tag="246" ind1="3" ind2=" ">
            <marc:subfield code="a">Eyght bookes of Caius Julius Caesar conteyning his martiall exploytes in the realme of Gallia and the countries bordering uppon the same</marc:subfield>
        </marc:datafield>
        <marc:datafield tag="260" ind1=" " ind2=" ">
            <marc:subfield code="a">Imprinted at London :</marc:subfield>
            <marc:subfield code="b">By Willyam Seres,</marc:subfield>
            <marc:subfield code="c">Anno. 1565.</marc:subfield>
        </marc:datafield>
        <marc:datafield tag="300" ind1=" " ind2=" ">
            <marc:subfield code="a">[12], 272, [10] leaves ;</marc:subfield>
            <marc:subfield code="c">8⁰.</marc:subfield>
        </marc:datafield>
        <marc:datafield tag="336" ind1=" " ind2=" ">
            <marc:subfield code="a">text</marc:subfield>
            <marc:subfield code="2">rdacontent</marc:subfield>
        </marc:datafield>
        <marc:datafield tag="337" ind1=" " ind2=" ">
            <marc:subfield code="a">unmediated</marc:subfield>
            <marc:subfield code="2">rdamedia</marc:subfield>
        </marc:datafield>
        <marc:datafield tag="338" ind1=" " ind2=" ">
            <marc:subfield code="a">volume</marc:subfield>
            <marc:subfield code="2">rdacarrier</marc:subfield>
        </marc:datafield>
        <marc:datafield tag="380" ind1=" " ind2=" ">
            <marc:subfield code="a">non-fiction</marc:subfield>
            <marc:subfield code="2">rdacarrier</marc:subfield>
        </marc:datafield>
        <marc:datafield tag="500" ind1=" " ind2=" ">
            <marc:subfield code="a">Catalogued from an incomplete copy consisting of 2 partial sheets which have been used as end leaves in a binding (now detached); information from ESTC.</marc:subfield>
        </marc:datafield>
        <marc:datafield tag="500" ind1=" " ind2=" ">
            <marc:subfield code="a">The eighth book is attributed to Aulus Hirtius and to others.</marc:subfield>
        </marc:datafield>
        <marc:datafield tag="500" ind1=" " ind2=" ">
            <marc:subfield code="a">Includes glossary.</marc:subfield>
        </marc:datafield>
        <marc:datafield tag="500" ind1=" " ind2=" ">
            <marc:subfield code="a">Colophon (2N2v) is in two settings: setting 1) reads: "Imprinted at London by Willyam Seres, dwelling at the west ende of Paules, at the signe of the Hedge-hog." and line 2 ends "dwel-"; setting 2) reads: "Imprinted at London by Wyllyam Seres dwelling at the west ende of Paules Church, at the sygne of the Hedge-hogge." and line 2 ends "dwelling".</marc:subfield>
        </marc:datafield>
        <marc:datafield tag="500" ind1=" " ind2=" ">
            <marc:subfield code="a">Signatures: *⁸ 2*⁴ A-2M⁸ 2N².</marc:subfield>
        </marc:datafield>
        <marc:datafield tag="500" ind1=" " ind2=" ">
            <marc:subfield code="a">Stationer's Register: Entered between 27 October 1564 and 7 March 1565.</marc:subfield>
        </marc:datafield>
        <marc:datafield tag="510" ind1="4" ind2=" ">
            <marc:subfield code="a">STC (2nd ed.),</marc:subfield>
            <marc:subfield code="c">4335</marc:subfield>
        </marc:datafield>
        <marc:datafield tag="510" ind1="4" ind2=" ">
            <marc:subfield code="a">ESTC,</marc:subfield>
            <marc:subfield code="c">S107121</marc:subfield>
        </marc:datafield>
        <marc:datafield tag="510" ind1="4" ind2=" ">
            <marc:subfield code="a">Pforzheimer,</marc:subfield>
            <marc:subfield code="c">410</marc:subfield>
        </marc:datafield>
        <marc:datafield tag="533" ind1=" " ind2=" ">
            <marc:subfield code="a">Microfilm.</marc:subfield>
            <marc:subfield code="b">Ann Arbor, Mich.: University Microfilms International,</marc:subfield>
            <marc:subfield code="d">1952. 1 microfilm reel; 35 mm</marc:subfield>
            <marc:subfield code="f">(Early English books, 1475-1640; 488:03).</marc:subfield>
        </marc:datafield>
        <marc:datafield tag="651" ind1=" " ind2="0">
            <marc:subfield code="a">Rome</marc:subfield>
            <marc:subfield code="x">History</marc:subfield>
            <marc:subfield code="y">Republic, 265-30 B.C.</marc:subfield>
        </marc:datafield>
        <marc:datafield tag="651" ind1=" " ind2="0">
            <marc:subfield code="a">Gaul</marc:subfield>
            <marc:subfield code="x">History</marc:subfield>
            <marc:subfield code="y">Gallic Wars, 58-51 B.C.</marc:subfield>
        </marc:datafield>
        <marc:datafield tag="700" ind1="1" ind2=" ">
            <marc:subfield code="a">Golding, Arthur,</marc:subfield>
            <marc:subfield code="d">1536-1606,</marc:subfield>
            <marc:subfield code="e">translator.</marc:subfield>
            <marc:subfield code="4">trl</marc:subfield>
        </marc:datafield>
        <marc:datafield tag="700" ind1="1" ind2="2">
            <marc:subfield code="a">Hirtius, Aulus.</marc:subfield>
            <marc:subfield code="t">De bello Gallico.</marc:subfield>
            <marc:subfield code="n">Liber 8.</marc:subfield>
        </marc:datafield>
        <marc:datafield tag="700" ind1="1" ind2=" ">
            <marc:subfield code="a">Seres, William,</marc:subfield>
            <marc:subfield code="d">-approximately 1579,</marc:subfield>
            <marc:subfield code="e">printer.</marc:subfield>
            <marc:subfield code="e">prt</marc:subfield>
        </marc:datafield>
        <marc:datafield tag="752" ind1=" " ind2=" ">
            <marc:subfield code="a">England</marc:subfield>
            <marc:subfield code="d">London.</marc:subfield>
        </marc:datafield>
    </marc:record>