
    <marc:record>
        <marc:leader>02141nam a2200469 a 4500</marc:leader>
        <marc:controlfield tag="001">015176712</marc:controlfield>
        <marc:controlfield tag="003">UkOxU</marc:controlfield>
        <marc:controlfield tag="005">20040402163803.0</marc:controlfield>
        <marc:controlfield tag="008">991103s1811    enka          000 1 eng d</marc:controlfield>
        <marc:datafield tag="041" ind1=" " ind2=" " created="yes">
            <marc:subfield code="a">eng</marc:subfield>
        </marc:datafield>
        <marc:datafield tag="029" ind1=" " ind2=" ">
            <marc:subfield code="a">1811</marc:subfield>
        </marc:datafield>
        <marc:datafield tag="035" ind1=" " ind2=" ">
            <marc:subfield code="a">(UkLCURL)190014914025</marc:subfield>
        </marc:datafield>
        <marc:datafield tag="049" ind1=" " ind2=" ">
            <marc:subfield code="j">CU</marc:subfield>
            <marc:subfield code="k">190014914025</marc:subfield>
            <marc:subfield code="l">e</marc:subfield>
        </marc:datafield>
        <marc:datafield tag="100" ind1="1" ind2=" ">
            <marc:subfield code="a">Cowper, William,</marc:subfield>
            <marc:subfield code="d">1731-1800.</marc:subfield>
            <marc:subfield code="1">http://viaf.org/viaf/32009788</marc:subfield>
        </marc:datafield>
        <marc:datafield tag="240" ind1="1" ind2="0">
            <marc:subfield code="a">Poems by the late William Cowper of the Inner Temple</marc:subfield>
        </marc:datafield>
        <marc:datafield tag="245" ind1="1" ind2="0">
            <marc:subfield code="a">Poems, by William Cowper, of the Inner Temple, Esq. :</marc:subfield>
            <marc:subfield code="b">In two volumes..</marc:subfield>
        </marc:datafield>
        <marc:datafield tag="250" ind1=" " ind2=" ">
            <marc:subfield code="a">A New Edition..</marc:subfield>
        </marc:datafield>
        <marc:datafield tag="260" ind1=" " ind2=" ">
            <marc:subfield code="a">London: :</marc:subfield>
            <marc:subfield code="b">Printed for J. Johnson and Co. ...,</marc:subfield>
            <marc:subfield code="c">1811..</marc:subfield>
        </marc:datafield>
        <marc:datafield tag="300" ind1=" " ind2=" ">
            <marc:subfield code="a">2v. :</marc:subfield>
            <marc:subfield code="b">ill. ;</marc:subfield>
            <marc:subfield code="c">22cm.</marc:subfield>
        </marc:datafield>
        <marc:datafield tag="336" ind1=" " ind2=" ">
            <marc:subfield code="a">text</marc:subfield>
            <marc:subfield code="2">rdacontent</marc:subfield>
        </marc:datafield>
        <marc:datafield tag="336" ind1=" " ind2=" ">
            <marc:subfield code="a">pictorial</marc:subfield>
            <marc:subfield code="2">rdacontent</marc:subfield>
        </marc:datafield>
        <marc:datafield tag="337" ind1=" " ind2=" ">
            <marc:subfield code="a">unmediated</marc:subfield>
            <marc:subfield code="2">rdamedia</marc:subfield>
        </marc:datafield>
        <marc:datafield tag="338" ind1=" " ind2=" ">
            <marc:subfield code="a">volume</marc:subfield>
            <marc:subfield code="2">rdacarrier</marc:subfield>
        </marc:datafield>
        <marc:datafield tag="380" ind1=" " ind2=" ">
            <marc:subfield code="a">poetry</marc:subfield>
        </marc:datafield>
        <marc:datafield tag="500" ind1=" " ind2=" ">
            <marc:subfield code="a">'T. Bensley, Printer, ..., London'--t.p. verso.</marc:subfield>
        </marc:datafield>
        <marc:datafield tag="500" ind1=" " ind2=" ">
            <marc:subfield code="a">With added engraved t.p.: 'Poems by the late William Cowper of the Inner Temple, Esq. Illustrated with engravings from the designs of Richard Westall, R.A. In two volumes'.</marc:subfield>
        </marc:datafield>
        <marc:datafield tag="500" ind1=" " ind2=" ">
            <marc:subfield code="a">'London. Published by John Sharpe ..., 1810.'--engraved t.p.</marc:subfield>
        </marc:datafield>
        <marc:datafield tag="500" ind1=" " ind2=" ">
            <marc:subfield code="a">With 25 plates of engravings (8 in v.1 and 17 in v.2).</marc:subfield>
        </marc:datafield>
        <marc:datafield tag="500" ind1=" " ind2=" ">
            <marc:subfield code="a">Some engravings inscribed 'London: Publish'd by Vernor and Hood Booksellers in the Poultry. Jas. Storer and Jno. Greig, Chapel Street, Pentonville, May 1st 1803.'.</marc:subfield>
        </marc:datafield>
        <marc:datafield tag="700" ind1="1" ind2=" ">
            <marc:subfield code="a">Bensley, Thomas,</marc:subfield>
            <marc:subfield code="d">approximately 1760-1835,</marc:subfield>
            <marc:subfield code="e">prt</marc:subfield>
        </marc:datafield>
        <marc:datafield tag="710" ind1="2" ind2=" ">
            <marc:subfield code="a">J. Johnson &amp; Co.,</marc:subfield>
            <marc:subfield code="e">publisher.</marc:subfield>
            <marc:subfield code="4">pbl</marc:subfield>
        </marc:datafield>
        <marc:datafield tag="700" ind1="1" ind2=" ">
            <marc:subfield code="a">Sharpe, John,</marc:subfield>
            <marc:subfield code="d">1777-1860,</marc:subfield>
            <marc:subfield code="4">pbl</marc:subfield>
        </marc:datafield>
        <marc:datafield tag="710" ind1="2" ind2=" ">
            <marc:subfield code="a">Vernor and Hood,</marc:subfield>
            <marc:subfield code="4">sll</marc:subfield>
        </marc:datafield>
        <marc:datafield tag="700" ind1="1" ind2=" ">
            <marc:subfield code="a">Westall, Richard,</marc:subfield>
            <marc:subfield code="d">1765-1836.</marc:subfield>
            <marc:subfield code="4">egr</marc:subfield>
        </marc:datafield>
        <marc:datafield tag="700" ind1="1" ind2=" ">
            <marc:subfield code="a">Storer, James,</marc:subfield>
            <marc:subfield code="d">1771-1853,</marc:subfield>
            <marc:subfield code="e">engraver.</marc:subfield>
            <marc:subfield code="4">egr</marc:subfield>
        </marc:datafield>
        <marc:datafield tag="700" ind1="1" ind2=" ">
            <marc:subfield code="a">Greig, John,</marc:subfield>
            <marc:subfield code="d">active 1803-1853,</marc:subfield>
            <marc:subfield code="e">engraver.</marc:subfield>
            <marc:subfield code="4">egr</marc:subfield>
        </marc:datafield>
        <marc:datafield tag="700" ind1="1" ind2=" ">
            <marc:subfield code="a">Engleheart, Francis,</marc:subfield>
            <marc:subfield code="d">1775-1849,</marc:subfield>
            <marc:subfield code="e">engraver.</marc:subfield>
            <marc:subfield code="4">egr</marc:subfield>
        </marc:datafield>
        <marc:datafield tag="700" ind1="1" ind2=" ">
            <marc:subfield code="a">Heath, James,</marc:subfield>
            <marc:subfield code="d">1757-1834,</marc:subfield>
            <marc:subfield code="e">engraver.</marc:subfield>
            <marc:subfield code="4">egr</marc:subfield>
        </marc:datafield>
        <marc:datafield tag="700" ind1="1" ind2=" ">
            <marc:subfield code="a">Rhodes, Richard,</marc:subfield>
            <marc:subfield code="d">1765-1838,</marc:subfield>
            <marc:subfield code="e">engraver.</marc:subfield>
            <marc:subfield code="4">egr</marc:subfield>
        </marc:datafield>
        <marc:datafield tag="700" ind1="1" ind2=" ">
            <marc:subfield code="a">Romney, John,</marc:subfield>
            <marc:subfield code="d">1786-1863,</marc:subfield>
            <marc:subfield code="e">engraver.</marc:subfield>
            <marc:subfield code="4">egr</marc:subfield>
        </marc:datafield>
        <marc:datafield tag="700" ind1="1" ind2=" ">
            <marc:subfield code="a">Heath, Charles,</marc:subfield>
            <marc:subfield code="d">1785-1848,</marc:subfield>
            <marc:subfield code="e">engraver.</marc:subfield>
            <marc:subfield code="4">egr</marc:subfield>
        </marc:datafield>
        <marc:datafield tag="700" ind1="1" ind2=" ">
            <marc:subfield code="a">Golding, Richard,</marc:subfield>
            <marc:subfield code="d">1785-1865,</marc:subfield>
            <marc:subfield code="e">engraver.</marc:subfield>
            <marc:subfield code="4">egr</marc:subfield>
        </marc:datafield>
        <marc:datafield tag="700" ind1="1" ind2=" ">
            <marc:subfield code="a">Smith, Anker,</marc:subfield>
            <marc:subfield code="d">1759-1819,</marc:subfield>
            <marc:subfield code="e">engraver.</marc:subfield>
            <marc:subfield code="4">egr</marc:subfield>
        </marc:datafield>
        <marc:datafield tag="700" ind1="1" ind2=" ">
            <marc:subfield code="a">Corbould, George James,</marc:subfield>
            <marc:subfield code="d">1786-1846,</marc:subfield>
            <marc:subfield code="e">engraver.</marc:subfield>
            <marc:subfield code="4">egr</marc:subfield>
        </marc:datafield>
        <marc:datafield tag="752" ind1=" " ind2=" ">
            <marc:subfield code="a">England</marc:subfield>
            <marc:subfield code="d">London.</marc:subfield>
        </marc:datafield>
    </marc:record>