
    <marc:record>
        <marc:leader>00889ncm a2200229 a 4500</marc:leader>
        <marc:controlfield tag="001">011328436</marc:controlfield>
        <marc:controlfield tag="003">UkOxU</marc:controlfield>
        <marc:controlfield tag="005">20060816155005.0</marc:controlfield>
        <marc:controlfield tag="008">950515s1994    enkuuu              eng d</marc:controlfield>
        <marc:datafield tag="041" ind1=" " ind2=" " created="yes">
            <marc:subfield code="a">eng</marc:subfield>
        </marc:datafield>
        <marc:datafield tag="028" ind1="3" ind2="1">
            <marc:subfield code="a">BSS 2045</marc:subfield>
            <marc:subfield code="b">Banks Music</marc:subfield>
        </marc:datafield>
        <marc:datafield tag="092" ind1=" " ind2=" ">
            <marc:subfield code="a">D0502520580</marc:subfield>
        </marc:datafield>
        <marc:datafield tag="100" ind1="1" ind2=" ">
            <marc:subfield code="a">Ferguson, Howard,</marc:subfield>
            <marc:subfield code="d">1908-1999.</marc:subfield>
            <marc:subfield code="4">cmp</marc:subfield>
        </marc:datafield>
        <marc:datafield tag="240" ind1="1" ind2="0">
            <marc:subfield code="a">Love and reason;</marc:subfield>
            <marc:subfield code="o">arranged</marc:subfield>
        </marc:datafield>
        <marc:datafield tag="245" ind1="1" ind2="0">
            <marc:subfield code="a">Love and reason /</marc:subfield>
            <marc:subfield code="c">words by William Golding ; music by Howard Ferguson</marc:subfield>
        </marc:datafield>
        <marc:datafield tag="260" ind1=" " ind2=" ">
            <marc:subfield code="a">York :</marc:subfield>
            <marc:subfield code="b">Banks Music,</marc:subfield>
            <marc:subfield code="c">c1994</marc:subfield>
        </marc:datafield>
        <marc:datafield tag="300" ind1=" " ind2=" ">
            <marc:subfield code="a">1 score ([5] p.) ;</marc:subfield>
            <marc:subfield code="c">30 cm</marc:subfield>
        </marc:datafield>
        <marc:datafield tag="336" ind1=" " ind2=" ">
            <marc:subfield code="a">text</marc:subfield>
            <marc:subfield code="2">rdacontent</marc:subfield>
        </marc:datafield>
        <marc:datafield tag="337" ind1=" " ind2=" ">
            <marc:subfield code="a">unmediated</marc:subfield>
            <marc:subfield code="2">rdamedia</marc:subfield>
        </marc:datafield>
        <marc:datafield tag="338" ind1=" " ind2=" ">
            <marc:subfield code="a">volume</marc:subfield>
            <marc:subfield code="2">rdacarrier</marc:subfield>
        </marc:datafield>
        <marc:datafield tag="380" ind1=" " ind2=" ">
            <marc:subfield code="a">music</marc:subfield>
        </marc:datafield>
        <marc:datafield tag="500" ind1=" " ind2=" ">
            <marc:subfield code="a">Song, originally for counter tenor and harp, here with acc. arr. for piano</marc:subfield>
        </marc:datafield>
        <marc:datafield tag="500" ind1=" " ind2=" ">
            <marc:subfield code="a">Words from Golding's play "The brass butterfly"; also printed as text on prelim. page</marc:subfield>
        </marc:datafield>
        <marc:datafield tag="700" ind1="1" ind2=" ">
            <marc:subfield code="a">Golding, William,</marc:subfield>
            <marc:subfield code="d">1911-1993.</marc:subfield>
            <marc:subfield code="1p">http://viaf.org/viaf/89500102</marc:subfield>
            <marc:subfield code="4">http://rdaregistry.info/Elements/w/object/P10369</marc:subfield>
            <marc:subfield code="t">The Brass Butterfly</marc:subfield>
            <marc:subfield code="1">http://oslomet.workid.no/wg/05</marc:subfield>
        </marc:datafield>
    </marc:record>